%% This BibTeX bibliography file was created using BibDesk.
%% http://bibdesk.sourceforge.net/


%% Created for Larry Paulson at 2021-10-13 12:00:57 +0100 


%% Saved with string encoding Unicode (UTF-8) 



@book{concrete-math,
	author = {Ronald L. Graham and Donald E. Knuth and Oren Patashnik},
	date-added = {2021-10-13 12:00:16 +0100},
	date-modified = {2021-10-13 12:00:16 +0100},
	edition = {2nd},
	publisher = {Addison-Wesley},
	title = {Concrete Mathematics: A Foundation for Computer Science},
	year = {1994}}
